<collection xmlns="http://www.loc.gov/MARC21/slim">
<record>
  <leader>05487nam0a2200841 i 450 </leader>
  <controlfield tag="001">IT\ICCU\CNCE\037617</controlfield>
  <controlfield tag="005">20110114000000.0</controlfield>
  <datafield tag="012" ind1=" " ind2=" ">
    <subfield code="a">r-in petu a-ge ieta (3) 1518 (R)</subfield>
    <subfield code="2">fei</subfield>
  </datafield>
  <datafield tag="100" ind1=" " ind2=" ">
    <subfield code="a">19981020d1518        0itac0103    ba</subfield>
  </datafield>
  <datafield tag="101" ind1=" " ind2=" ">
    <subfield code="a">LAT</subfield>
  </datafield>
  <datafield tag="102" ind1=" " ind2=" ">
    <subfield code="a">IT</subfield>
  </datafield>
  <datafield tag="200" ind1="1" ind2=" ">
    <subfield code="a">In hoc volumine hec continentur. Platyne de vitis maxi. ponti. historia periocunda, diligenter recognita, &amp; nunc tantum integre impressa. Raphaellis Volaterrani historia. De vita quattuor maxi. ponti. nuper edita &amp; in fine posita. Platyne De falso &amp; verobono dyalogus ad Sixtum IIII ponti. maxi. Platyne contra amores dyalogus ad Lodouicum Stellam Mantuanum. Platyne De vera nobilitate dyalogus ad amplissimum Vrsinum Tranensem episcopum. Platyne De optimo ciue dyalogus ad Laurentium Medicem. Platyne Panegyricus in laudem reuerendis. cardinalis Niceni: &amp; patriarche Constantinopolitani. Diuersorum academicorum panegyrici in Platyne parentalia</subfield>
  </datafield>
  <datafield tag="210" ind1=" " ind2=" ">
    <subfield code="e">Impressum Venetiis</subfield>
    <subfield code="g">per Gulielmum de Fontaneto de Monteferrato</subfield>
    <subfield code="h">1518 die XV Decembris</subfield>
  </datafield>
  <datafield tag="215" ind1=" " ind2=" ">
    <subfield code="a">CCXXV \i.e. 223!, \1! c.</subfield>
    <subfield code="c">ill.</subfield>
    <subfield code="d">fol</subfield>
  </datafield>
  <datafield tag="517" ind1="1" ind2=" ">
    <subfield code="3">IT\ICCU\CNCE\058882</subfield>
    <subfield code="a">℗Platyne ℗De vitis maximorum pontificum historia periocunda diligenter recognita et nunc tantum integre impressa.</subfield>
  </datafield>
  <datafield tag="620" ind1=" " ind2=" ">
    <subfield code="a">IT</subfield>
    <subfield code="d">Venezia</subfield>
  </datafield>
  <datafield tag="700" ind1=" " ind2="0">
    <subfield code="a">℗Il ℗Platina</subfield>
    <subfield code="3">IT\ICCU\CNCA\008106</subfield>
  </datafield>
  <datafield tag="702" ind1=" " ind2="1">
    <subfield code="a">Maffei,</subfield>
    <subfield code="b">Raffaele</subfield>
    <subfield code="c"> &lt;1451-1522&gt;</subfield>
    <subfield code="3">IT\ICCU\CNCA\000284</subfield>
  </datafield>
  <datafield tag="712" ind1="0" ind2="2">
    <subfield code="a">Guglielmo da Fontaneto</subfield>
    <subfield code="3">IT\ICCU\CNCT\000318</subfield>
    <subfield code="4">650</subfield>
  </datafield>
  <datafield tag="790" ind1=" " ind2="1">
    <subfield code="a">Platina,</subfield>
    <subfield code="b">Battista</subfield>
    <subfield code="3">IT\ICCU\CNCA\003136</subfield>
    <subfield code="z">℗Il ℗Platina</subfield>
  </datafield>
  <datafield tag="790" ind1=" " ind2="1">
    <subfield code="a">Sacchi,</subfield>
    <subfield code="b">Bartolomeo</subfield>
    <subfield code="3">IT\ICCU\CNCA\008107</subfield>
    <subfield code="z">℗Il ℗Platina</subfield>
  </datafield>
  <datafield tag="790" ind1=" " ind2="1">
    <subfield code="a">Platina,</subfield>
    <subfield code="b">Bartolomeo</subfield>
    <subfield code="3">IT\ICCU\CNCA\012664</subfield>
    <subfield code="z">℗Il ℗Platina</subfield>
  </datafield>
  <datafield tag="790" ind1=" " ind2="0">
    <subfield code="a">Rafael</subfield>
    <subfield code="c"> : Volaterrano</subfield>
    <subfield code="3">IT\ICCU\CNCA\009629</subfield>
    <subfield code="z">Maffei, Raffaele &lt;1451-1522&gt;</subfield>
  </datafield>
  <datafield tag="790" ind1=" " ind2="0">
    <subfield code="a">Raphael</subfield>
    <subfield code="c"> : Volaterranus</subfield>
    <subfield code="3">IT\ICCU\CNCA\014838</subfield>
    <subfield code="z">Maffei, Raffaele &lt;1451-1522&gt;</subfield>
  </datafield>
  <datafield tag="790" ind1=" " ind2="1">
    <subfield code="a">Volaterranus,</subfield>
    <subfield code="b">Raphael</subfield>
    <subfield code="3">IT\ICCU\CNCA\015124</subfield>
    <subfield code="z">Maffei, Raffaele &lt;1451-1522&gt;</subfield>
  </datafield>
  <datafield tag="791" ind1="0" ind2="0">
    <subfield code="a">Fontaneto, Guglielmo da</subfield>
    <subfield code="3">IT\ICCU\CNCT\003159</subfield>
    <subfield code="z">Guglielmo da Fontaneto</subfield>
  </datafield>
  <datafield tag="791" ind1="0" ind2="2">
    <subfield code="a">Guglielmo da Monferrato</subfield>
    <subfield code="3">IT\ICCU\CNCT\003625</subfield>
    <subfield code="z">Guglielmo da Fontaneto</subfield>
  </datafield>
  <datafield tag="791" ind1="0" ind2="2">
    <subfield code="a">Gulielmus de Monteferrato</subfield>
    <subfield code="3">IT\ICCU\CNCT\005083</subfield>
    <subfield code="z">Guglielmo da Fontaneto</subfield>
  </datafield>
  <datafield tag="791" ind1="0" ind2="2">
    <subfield code="a">Guilielmus Fontanetensis</subfield>
    <subfield code="3">IT\ICCU\CNCT\005084</subfield>
    <subfield code="z">Guglielmo da Fontaneto</subfield>
  </datafield>
  <datafield tag="801" ind1=" " ind2="3">
    <subfield code="a">IT</subfield>
    <subfield code="b">ICCU</subfield>
    <subfield code="c">20201114</subfield>
  </datafield>
  <datafield tag="899" ind1=" " ind2=" ">
    <subfield code="a">Biblioteca comunale. Fabriano</subfield>
    <subfield code="1">AN0033</subfield>
    <subfield code="2">URB BF</subfield>
  </datafield>
  <datafield tag="899" ind1=" " ind2=" ">
    <subfield code="a">Biblioteca civica A. Mai. Bergamo</subfield>
    <subfield code="1">BG0026</subfield>
    <subfield code="2">LO1 02</subfield>
  </datafield>
  <datafield tag="899" ind1=" " ind2=" ">
    <subfield code="a">Biblioteca comunale dell&apos;Archiginnasio. Bologna</subfield>
    <subfield code="1">BO0304</subfield>
    <subfield code="2">UBO GA</subfield>
  </datafield>
  <datafield tag="899" ind1=" " ind2=" ">
    <subfield code="a">Fondazione Biblioteca Morcelli. Chiari</subfield>
    <subfield code="1">BS0060</subfield>
    <subfield code="2">LO1 6B</subfield>
  </datafield>
  <datafield tag="899" ind1=" " ind2=" ">
    <subfield code="a">Biblioteca statale. Cremona</subfield>
    <subfield code="1">CR0062</subfield>
    <subfield code="2">LO1 28</subfield>
  </datafield>
  <datafield tag="899" ind1=" " ind2=" ">
    <subfield code="a">Biblioteca Apostolica Vaticana. Citt ̉del Vaticano</subfield>
    <subfield code="1">EX0001</subfield>
    <subfield code="2">ZCV 01</subfield>
  </datafield>
  <datafield tag="899" ind1=" " ind2=" ">
    <subfield code="a">Biblioteca nazionale centrale. Firenze</subfield>
    <subfield code="1">FI0098</subfield>
    <subfield code="2">CFI CF</subfield>
  </datafield>
  <datafield tag="899" ind1=" " ind2=" ">
    <subfield code="a">Biblioteca universitaria. Genova</subfield>
    <subfield code="1">GE0038</subfield>
    <subfield code="2">LIG 01</subfield>
  </datafield>
  <datafield tag="899" ind1=" " ind2=" ">
    <subfield code="a">Biblioteca della Societ ̉ligure di storia patria. Genova</subfield>
    <subfield code="1">GE0050</subfield>
    <subfield code="2">SGE 47</subfield>
  </datafield>
  <datafield tag="899" ind1=" " ind2=" ">
    <subfield code="a">Biblioteca statale. Lucca</subfield>
    <subfield code="1">LU0022</subfield>
    <subfield code="2">LUA BL</subfield>
  </datafield>
  <datafield tag="899" ind1=" " ind2=" ">
    <subfield code="a">Biblioteca Diocesana Mons. Giuliano Agresti. Lucca</subfield>
    <subfield code="1">LU0023</subfield>
    <subfield code="2">PBE 86</subfield>
  </datafield>
  <datafield tag="899" ind1=" " ind2=" ">
    <subfield code="a">Biblioteca regionale universitaria. Messina</subfield>
    <subfield code="1">ME0050</subfield>
    <subfield code="2">PAL BM</subfield>
  </datafield>
  <datafield tag="899" ind1=" " ind2=" ">
    <subfield code="a">Biblioteca di Ateneo dell&apos;Universit ̉cattolica del Sacro Cuore. Milano</subfield>
    <subfield code="1">MI0291</subfield>
    <subfield code="2">ZMI 18</subfield>
  </datafield>
  <datafield tag="899" ind1=" " ind2=" ">
    <subfield code="a">Biblioteca Estense Universitaria. Modena</subfield>
    <subfield code="1">MO0089</subfield>
    <subfield code="2">MOD BE</subfield>
  </datafield>
  <datafield tag="899" ind1=" " ind2=" ">
    <subfield code="a">Biblioteca nazionale Vittorio Emanuele III. Napoli</subfield>
    <subfield code="1">NA0079</subfield>
    <subfield code="2">NAP BN</subfield>
  </datafield>
  <datafield tag="899" ind1=" " ind2=" ">
    <subfield code="a">Biblioteca pubblica e Casa della cultura. Fondazione Achille Marazza. Borgomanero</subfield>
    <subfield code="z">MUTILO</subfield>
    <subfield code="1">NO0011</subfield>
    <subfield code="2">TO0 D6</subfield>
  </datafield>
  <datafield tag="899" ind1=" " ind2=" ">
    <subfield code="a">Biblioteca civica. Galliate</subfield>
    <subfield code="1">NO0033</subfield>
    <subfield code="2">TO1 NG</subfield>
  </datafield>
  <datafield tag="899" ind1=" " ind2=" ">
    <subfield code="a">Biblioteca civica. Padova</subfield>
    <subfield code="1">PD0090</subfield>
    <subfield code="2">PUV 55</subfield>
  </datafield>
  <datafield tag="899" ind1=" " ind2=" ">
    <subfield code="a">Biblioteca comunale Giosu ̈Carducci. Citt ̉di Castello</subfield>
    <subfield code="1">PG0032</subfield>
    <subfield code="2">UM1 05</subfield>
  </datafield>
  <datafield tag="899" ind1=" " ind2=" ">
    <subfield code="a">Biblioteca S. Basilio del Seminario arcivescovile. Perugia</subfield>
    <subfield code="1">PG0146</subfield>
    <subfield code="2">UM1 45</subfield>
  </datafield>
  <datafield tag="899" ind1=" " ind2=" ">
    <subfield code="a">Biblioteca Palatina. Parma</subfield>
    <subfield code="1">PR0072</subfield>
    <subfield code="2">PAR PA</subfield>
  </datafield>
  <datafield tag="899" ind1=" " ind2=" ">
    <subfield code="a">Biblioteca dei Domenicani. Pistoia</subfield>
    <subfield code="1">PT0024</subfield>
    <subfield code="2">RT1 BW</subfield>
  </datafield>
  <datafield tag="899" ind1=" " ind2=" ">
    <subfield code="a">Biblioteca Oliveriana. Pesaro</subfield>
    <subfield code="1">PU0061</subfield>
    <subfield code="2">URB OL</subfield>
  </datafield>
  <datafield tag="899" ind1=" " ind2=" ">
    <subfield code="a">Biblioteca delle facolt ̉di Giurisprudenza e Scienze politiche dell&apos;Universit ̉degli studi di Urbino. Urbino</subfield>
    <subfield code="1">PU0127</subfield>
    <subfield code="2">URB AG</subfield>
  </datafield>
  <datafield tag="899" ind1=" " ind2=" ">
    <subfield code="a">Biblioteca centrale dell&apos;Area umanistica dell&apos;Universit ̉degli studi di Urbino. Urbino</subfield>
    <subfield code="1">PU0206</subfield>
    <subfield code="2">URB AU</subfield>
  </datafield>
  <datafield tag="899" ind1=" " ind2=" ">
    <subfield code="a">Biblioteca universitaria. Pavia</subfield>
    <subfield code="1">PV0291</subfield>
    <subfield code="2">MIL UP</subfield>
  </datafield>
  <datafield tag="899" ind1=" " ind2=" ">
    <subfield code="a">Biblioteca comunale Fabrizio Trisi. Lugo</subfield>
    <subfield code="1">RA0025</subfield>
    <subfield code="2">RAV CE</subfield>
  </datafield>
  <datafield tag="899" ind1=" " ind2=" ">
    <subfield code="a">Biblioteca della Pontificia Facolt ̉teologica Marianum. Roma</subfield>
    <subfield code="1">RM0223</subfield>
    <subfield code="2">ZRM 30</subfield>
  </datafield>
  <datafield tag="899" ind1=" " ind2=" ">
    <subfield code="a">Biblioteca Lancisiana. Roma</subfield>
    <subfield code="1">RM0260</subfield>
    <subfield code="2">RMS H8</subfield>
  </datafield>
  <datafield tag="899" ind1=" " ind2=" ">
    <subfield code="a">Biblioteca Angelica. Roma</subfield>
    <subfield code="1">RM0290</subfield>
    <subfield code="2">RML 06</subfield>
  </datafield>
  <datafield tag="899" ind1=" " ind2=" ">
    <subfield code="a">Biblioteca comunale degli Intronati. Siena</subfield>
    <subfield code="1">SI0046</subfield>
    <subfield code="2">RT1 QI</subfield>
  </datafield>
  <datafield tag="899" ind1=" " ind2=" ">
    <subfield code="a">Biblioteca comunale. Grosio</subfield>
    <subfield code="1">SO0019</subfield>
    <subfield code="2">ZSO 08</subfield>
  </datafield>
  <datafield tag="899" ind1=" " ind2=" ">
    <subfield code="a">Biblioteca Niccol ̣V. Sarzana</subfield>
    <subfield code="1">SP0058</subfield>
    <subfield code="2">PBE C5</subfield>
  </datafield>
  <datafield tag="899" ind1=" " ind2=" ">
    <subfield code="a">Biblioteca universitaria. Sassari</subfield>
    <subfield code="1">SS0073</subfield>
    <subfield code="2">CAG US</subfield>
  </datafield>
  <datafield tag="899" ind1=" " ind2=" ">
    <subfield code="a">Biblioteca comunale. Trento</subfield>
    <subfield code="1">TN0121</subfield>
    <subfield code="2">ZTN 01</subfield>
  </datafield>
  <datafield tag="899" ind1=" " ind2=" ">
    <subfield code="a">Biblioteca provinciale dei padri Cappuccini. Trento</subfield>
    <subfield code="1">TN0134</subfield>
    <subfield code="2">ZTN 02</subfield>
  </datafield>
  <datafield tag="899" ind1=" " ind2=" ">
    <subfield code="a">Biblioteca nazionale universitaria. Torino</subfield>
    <subfield code="1">TO0265</subfield>
    <subfield code="2">TO0 02</subfield>
  </datafield>
  <datafield tag="899" ind1=" " ind2=" ">
    <subfield code="a">Biblioteca civica A. Hortis. Trieste</subfield>
    <subfield code="1">TS0013</subfield>
    <subfield code="2">TSA BC</subfield>
  </datafield>
  <datafield tag="899" ind1=" " ind2=" ">
    <subfield code="a">British Library. London</subfield>
    <subfield code="1">UK0001</subfield>
  </datafield>
  <datafield tag="899" ind1=" " ind2=" ">
    <subfield code="a">Biblioteca civica. Vercelli</subfield>
    <subfield code="1">VC0073</subfield>
    <subfield code="2">TO0 A2</subfield>
  </datafield>
  <datafield tag="899" ind1=" " ind2=" ">
    <subfield code="a">Biblioteca Querini Stampalia. Venezia</subfield>
    <subfield code="1">VE0047</subfield>
    <subfield code="2">VEA QS</subfield>
  </datafield>
  <datafield tag="899" ind1=" " ind2=" ">
    <subfield code="a">Biblioteca Archivio Museo. Bassano del Grappa</subfield>
    <subfield code="1">VI0005</subfield>
    <subfield code="2">VIA BA</subfield>
  </datafield>
  <datafield tag="899" ind1=" " ind2=" ">
    <subfield code="a">Biblioteca civica. Verona</subfield>
    <subfield code="1">VR0059</subfield>
    <subfield code="2">ZVR 02</subfield>
  </datafield>
</record>
</collection>
